
@online{aditya_goel_how_nodate,
	title = {How to check if an instance of 15 puzzle is solvable?},
	titleaddon = {{GeeksForGeeks}},
	author = {Aditya Goel}
}

@book{stuart_russell_artifical_2010,
	edition = {3},
	title = {Artifical Intelligence: A Modern Approach},
	publisher = {Pearson Educaiton, Inc.},
	author = {{Stuart Russell} and {Peter Norvig}},
	date = {2010}
}

@online{rosalind_euclidean_nodate,
	title = {Euclidean Distance},
	url = {http://rosalind.info/glossary/euclidean-distance/},
	author = {{Rosalind}}
}

@inproceedings{othar_hansson_generating_1985,
	location = {Columbia University},
	title = {Generating Admissible Heuristics by Criticizing Solutions to Relaxed Models},
	author = {{Othar Hansson} and {Andrew E. Mayer} and {Mordechai M. Yung}},
	date = {1985-12}
}